%%% Generation: =CONCATENATE("@misc{";A1;",author={";A1;"},title={";B1;"}}")
%%%%%
@PREAMBLE{ "\newcommand{\noopsort}[1]{}" }
@STRING{aalborg	= "Department of Mathematics and Computer Science, Aalborg 
		  University, Denmark" } 
@STRING{adb	= "Computing Science Department, Uppsala University, Sweden" } 
@STRING{chalmers= "Department of Computer Science, Chalmers University of 
		  Technology, G{\"o}teborg, Sweden" } 
@STRING{docs	= "Department of Computer Systems, Uppsala University, 
		  Sweden" } 
@STRING{imag	= "IMAG, Laboratoire de G{\'e}nie Informatique" } 
@STRING{kth	= "Royal Institute of Technology, Stockholm, Sweden" } 
@STRING{dcs-ed	= "Department of Computer Science, University of Edinburgh, 
		  UK" } 
@STRING{lfcs	= "Laboratory for Foundations of Computer Science, " } 
 
@STRING{oxford	= "Oxford University, Oxford, UK" } 
@STRING{sics	= "Swedish Institute of Computer Science, Kista, Sweden" } 
@STRING{stanfordcs="Department of Computer Sciences, Stanford University, 
		  USA" } 
@STRING{sussex	= "School of Cognitive and Computing Sciences, University of 
		  Sussex, UK" } 
@STRING{warwick	= "Department of Computer Science, University of Warwick, UK" } 
@STRING{ap	= "Academic Press" } 
@STRING{aw	= "Addison-Wesley" } 
@STRING{cup	= "Cambridge University Press" } 
@STRING{csp	= "Computer Society Press" } 
@STRING{nh	= "North-Holland" } 
@STRING{ph	= "Prentice Hall" } 
@STRING{sv	= "Springer-Verlag" } 
@STRING{lncs	= "Lecture Notes in Computer Science" } 
@STRING{icalp	= "Colloquium on Automata, Languages and Programming (ICALP)" } 
@STRING{lics	= "Annual Symposium on Logic in Computer Science (LICS)" } 
@STRING{mfocs	= "Mathematical Foundations of Computer Science" } 
@STRING{podc	= "Annual Symposium on Principles of Distributed Computing 
		  (PODC)" } 
@STRING{popl	= "Annual Symposium on Principles of Programming Languages 
		  (POPL)" } 
@STRING{procomet= "Working Conference on Programming Concepts, Methods and 
		  Calculi" } 
@STRING{slfp	= "Symposium on {\sc lisp} and Functional Programming" } 
@STRING{entcs	= "Electronic Notes in Theoretical Computer Science" } 
@STRING{ai	= "Acta Informatica" } 
@STRING{arti	= "Artificial Intelligence" } 
@STRING{cacm	= "Communications of the ACM" } 
@STRING{fac	= "Journal of Formal Aspects of Computing" } 
@STRING{ic	= "Information and Control" } 
@STRING{jic	= "Journal of Information and Computation" } 
@STRING{ieee-se	= "IEEE Transactions on Software Engineering" } 
@STRING{ipl	= "Information Processing Letters" } 
@STRING{jacm	= "Journal of the ACM" } 
@STRING{jcss	= "Journal of Computer and System Sciences" } 
@STRING{jsc	= "Journal of Symbolic Computation" } 
@STRING{pjm	= "Pacific Journal of Mathematics" } 
@STRING{siamjc	= "SIAM Journal of Computing" } 
@STRING{tcs	= "Theoretical Computer Science" } 
@STRING{toplas	= "ACM Transactions on Programming Languages and Systems" } 
 
%referencia bibliograficas 

@online{msclfggrepo,
  author = {L.F. {Guevara Gómez} and L.E. {Tobón Llano}},
  title = {Repositorio de trabajo de grado de maestría titulada \titulovar},
  year = 2023,
  url = {https://github.com/lfguevarag97/Thesis-MSC-2023},
  urldate = {2023-05-01}
}

@book{Defcrowd,
 author = {Estell\'es E, Gonz\'alez F},
 title = {Towards an integrated crowdsourcing definition},
 year = {2012}
}

@book{cowboy,
 author = {Ward F.},
 title = {The Cowboy at work},
 year = {1958}
}
% @article{cowboy,
% title = "Using systems dynamics to better understand change and rework in construction project management systems",
% journal = "International Journal of Project Management",
% volume = "20",
% number = "6",
% pages = "425 - 436",
% year = "2002",
% issn = "0263-7863",
% doi = "https://doi.org/10.1016/S0263-7863(01)00039-4",
% url = "http://www.sciencedirect.com/science/article/pii/S0263786301000394",
% author = "P.E.D. Love and G.D. Holt and L.Y. Shen and H. Li and Z. Irani",
% keywords = "Change, Project management, System dynamics, Dynamics, Rework, Variation",
% abstract = "The management of construction is complex enough without changes (e.g. to design/specification/client requirements), yet it is a familiar characteristic of in construction projects. To effectively manage change, project managers have to undertake detailed planning; to integrate the work activities of consultants, subcontractors and suppliers. In this context, changes are unplanned disturbances that (typically) interfere with the intended progression of work. Given this 'interference', what are the consequences of such disturbances on project performance and how can/do/should project managers deal with changes effectively? This paper describes how changes (and their actions or effects otherwise known as dynamics) can impact the project management system. Using a case study and the methodology of systems dynamics, the major factors influencing a project's performance are observed. The need for understanding of how particular dynamics can hinder the performance of a project management system are highlighted."
% }

@book{Defopensource,
 author = {Laurent A},
 title = {Understanding Open Source and Free Software Licesing},
 year = {2008}
}

@book{embebido,
 author = {Heath S},
 title = {Embedded Systems Design},
 year = {2003}
}

@online{leylacteos,
  author = {SIVIGILA},
  title = {Derivados lácteos},
%   year = 2005,
  url = {http://www.saludcapital.gov.co/sitios/VigilanciaSaludPublica/Protocolos\%20de\%20Vigilancia\%20en\%20Salud\%20Publica/Derivados\%20Lacteos.pdf},
  urldate = {2022-10-01}
}

@online{lechepaisa1,
  author = {Cañas J, Muñoz M, Corrales J},
  title = {Modeling the lactation curves for milk, fat and protein yield of Holstein cattle in Antioquia, Colombia},
  year = 2011,
  url = {http://www.scielo.org.co/scielo.php?script=sci_arttext&pid=S0122-02682011000200009},
  urldate = {2020-09-25}
}

@online{caprinos,
  author = {Guimarães V; Rodrigues M; Sarmento J; Rocha D},
  title = {Use of mathematical functions in the study of lactation curves in goats},
  year = 2006,
  url = {https://www.scielo.br/scielo.php?pid=S1516-35982006000200028&script=sci_arttext},
  urldate = {2020-09-25}
}


@article{colombiaherd,
   title = {{Fitting lactation curves in a Colombian Holstein herd using nonlinear models}},
   journal = {{Revista Facultad Nacional de Agronom\~A\-a Medell\~A\-n}},
   author={Duque, Norma Patricia AND Casellas, Joaquim AND Quijano, Jorge Humberto AND Casals, Ramon AND Such, Xavier},
   ISSN = {0304-2847},
   language = {en},
   URL = {http://www.scielo.org.co/scielo.php?script=sci_arttext&pid=S0304-28472018000208459&nrm=iso},
   volume = {71},
   year = {2018},
   month = {05},
   pages = {8459 - 8468},
   publisher = {scieloco},
   crossref = {10.15446/rfna.v71n2.67424},
   }

@online{janaina1,
  author = {Cunha D ; Pereira J; Campos O; Braga J; Silva F; Martuscello J},
  title = {Evaluation of a dynamic simulation model for milk production systems},
  year = 2010,
  url = {https://www.scielo.br/scielo.php?pid=S1516-35982010000400027&script=sci_arttext&tlng=en},
  urldate = {2020-09-25}
}

@online{janaina2,
  author = {Cunha D ; Pereira J; Campos O; Braga J; Silva F; Martuscello J},
  title = {Selection of models of lactation curves to use in milk production simulation systems},
  year = 2010,
  url = {https://www.scielo.br/pdf/rbz/v39n4/v39n4a26.pdf},
  urldate = {2020-09-25}
}

@article{silvestre,
title = {Lactation curves for milk, fat and protein in dairy cows: A full approach},
journal = {Livestock Science},
volume = {122},
number = {2},
pages = {308-313},
year = {2009},
issn = {1871-1413},
doi = {https://doi.org/10.1016/j.livsci.2008.09.017},
url = {https://www.sciencedirect.com/science/article/pii/S1871141308003090},
author = {A.M. Silvestre and A.M. Martins and V.A. Santos and M.M. Ginja and J.A. Colaço},
keywords = {Milk composition, Lactation curve},
}

@article{shanks,
title = {Genetic Aspects of Lactation Curves1},
journal = {Journal of Dairy Science},
volume = {64},
number = {9},
pages = {1852-1860},
year = {1981},
issn = {0022-0302},
doi = {https://doi.org/10.3168/jds.S0022-0302(81)82775-0},
url = {https://www.sciencedirect.com/science/article/pii/S0022030281827750},
author = {R.D. Shanks and P.J. Berger and A.E. Freeman and F.N. Dickinson},
}

@article{iran,
author = {Naderi, Yousef},
year = {2018},
month = {08},
pages = {},
title = {Appropriate Mathematical models to Describe the Lactation curves of milk production traits of Iranian Holstein Dairy Cattle.},
volume = {40},
journal = {Acta Scientiarum Animal Sciences},
doi = {10.4025/actascianimsci.v40i1.37895}
}

@article{mees,
author = {Fateme Medhat Bojnourd and Mohammad Ali Fanaei and Hadi Zohreie},
title = {Mathematical modelling and dynamic simulation of multi-effect falling-film evaporator for milk powder production},
journal = {Mathematical and Computer Modelling of Dynamical Systems},
volume = {21},
number = {4},
pages = {336-358},
year  = {2015},
publisher = {Taylor & Francis},
doi = {10.1080/13873954.2014.980276},
URL = {https://doi.org/10.1080/13873954.2014.980276},
eprint = {https://doi.org/10.1080/13873954.2014.980276}
}

@article{hdmwallace, title={Development and evaluation of the herd dynamic milk model with focus on the individual cow component}, volume={10}, DOI={10.1017/S1751731116001026}, number={12}, journal={animal}, publisher={Cambridge University Press}, author={Ruelle, E. and Delaby, L. and Wallace, M. and Shalloo, L.}, year={2016}, pages={1986–1997}
}

@article{mixedShelley, title={Introduction to Nonlinear Mixed-Effects Models for Longitudinal Data }, publisher={University of California}, author={Shelley, A.}, year={2019}, pages={1-6}
}

@online{ibmcrisp,
  author = {IBM},
  title = {Introducción al CRISP-DM},
  year = 2021,
  url = {https://www.ibm.com/docs/es/spss-modeler/saas?topic=guide-introduction-crisp-dm},
  urldate = {2022-06-20}
}

@online{matlabmixed,
  author = {TheMathWorks, Inc.},
  title = {Mixed-Effects Models},
  year = 2022,
  url = {https://www.mathworks.com/help/stats/mixed-effects-models.html},
  urldate = {2022-10-20}
}

@online{levenberduke,
  author = {Gavin H. },
  title = {The Levenberg-Marquardt algorithm for nonlinear least squares curve fitting problems},
  year = 2023,
  url = {https://people.duke.edu/~hpgavin/lm.pdf},
  urldate = {2023-02-19}
}

@online{ecoduke,
  author = {Schlesinger W. },
  title = {How green is your milk},
  year = 2019,
  url = {shorturl.at/zAGK6},
  %{https://blogs.nicholas.duke.edu/citizenscientist/how-green-is-your-milk/\#:~:text=As\%20a\%20global\%20average\%2C\%20dairy,atmosphere\%20for\%20every\%20liter\%20produced.},
  urldate = {2023-03-19}
}

@online{manure,
  author = {Horacio. A. V, Rebbeca. A. Larson},
  title = {Evaluating greenhouse gas emissions from dairy manure management practices using survey data and lifecycle tools},
  year = 2017,
  url = {https://www.sciencedirect.com/science/article/pii/S0959652616321953},
  urldate = {2023-03-19}
}

@online{statista,
  author = {Statista },
  title = {Average greenhouse gas emissions per kilogram of major food products worldwide},
  year = 2023,
  url = {shorturl.at/BHVY6},
  urldate = {2023-03-19}
}
% shorturl.at/BHVY6
% https://blogs.nicholas.duke.edu/citizenscientist/

@online{sena,
  author = {SENA},
  title = {Quiénes somos},
  year = 2022,
  url = {https://www.sena.edu.co/es-co/sena/Paginas/quienesSomos.aspx},
  urldate = {2022-10-20}
}

@online{casena,
  author = {SENA},
  title = {Introducción al CRISP-DM},
  year = 2022,
  url = {https://centroagropecuarioregionalcau.blogspot.com/p/nuestro-centro.html},
  urldate = {2022-10-20}
}



@article{avila1,
author = {Ávila, William and Lirio, Viviani and Luiz, Maurinho and Santos, Dos and Da, Wilson and Vieira, Cruz},
year = {2015},
month = {06},
pages = {},
title = {Uso da dinâmica de sistemas como suporte à decisão em propriedades produtoras de leite: um estudo de caso},
volume = {2},
journal = {Revista de Economia e Agronegócio},
doi = {10.25070/rea.v2i4.46}
}

@online{gavira,
  author = {Gavira M},
  title = {Simulação computacional como uma ferramenta de aquisição de conhecimento.},
  year = 2003,
  url = {https://www.researchgate.net/publication/236342878_Simulacao_computacional_como_uma_ferramenta_de_aquisicao_de_conhecimento},
  urldate = {2020-09-28}
}

@online{lechepaisa2,
  author = {Cañas J, Muñoz M, Corrales J},
  title = {Modeling and genetic parameters of lactation curves in Holstein bovine breed in Colombia},
  year = 2012,
  url = {http://www.scielo.org.co/pdf/mvz/v17n2/v17n2a07.pdf},
  urldate = {2020-09-26}
}

@online{lechepastusa,
  author = {Jojoa K,Villota M, Portilla C, Rosero E},
  title = {Modeling of dairy production curve in holstein cattle in the high tropic of Nariño},
  year = 2012,
  url = {https://revistas.udenar.edu.co/index.php/revip/article/view/396/407},
  urldate = {2020-09-26}
}

@online{minsaludleche,
  author = {Ministerio de Salud, Republica de Colombia},
  title = {Resolución número 02310 de 1986},
%   year = 1986,
  url = {https://www.minsalud.gov.co/sites/rid/Lists/BibliotecaDigital/RIDE/DE/OT/Resolucion-2310-de-1986.pdf},
  urldate = {2022-10-01}
}

@online{arduinodef,
  author = {ARDUINO},
  title = {What is Arduino?},
  year = 2005,
  url = {https://www.arduino.cc/en/Guide/Introduction},
  urldate = {2019-03-25}
}

@online{fao,
  author = {Organización de las Naciones Unidas para la Alimentación y la Agricultura},
  title = {Reforma y Descentralización de Servicios Agrícolas: Un Marco de Políticas},
  year = 2002,
  url = {http://www.fao.org/3/y2006s/y2006s00.htm#Contents},
  urldate = {2019-04-02}
}

@online{plcref,
  author = {M. A. Laughton D.F. Warne},
  title = {Electrical Engineer's Reference Book},
  year = 2002,
  url = {https://books.google.com.co/books/about/Electrical_Engineer_s_Reference_Book.html?id=5jOblzV5eZ8C&redir_esc=y},
  urldate = {2019-06-02}
}
@online{piref,
  author = {Raspberry Pi Foundation},
  title = {About Us},
  year = 2020,
  url = {https://www.raspberrypi.org/about/},
  urldate = {2019-06-02}
}

@online{googlepics,
  author = {Google Images},
  title = {Ganadería de engorde},
  year = 2015,
  url = {shorturl.at/beqD3},
  urldate = {2019-07-02}
}



@online{defpc,
  author = {Gardey A, Perez J},
  title = {Computadores},
  year = 2008,
  url = {https://definicion.de/computadora/},
  urldate = {2019-07-02}
}


@online{aretepic,
  author = {SAG},
  title = {Identificación animal oficial},
  year = 2013,
  url = {http://www.sag.cl/ambitos-de-accion/identificacion-animal-oficial},
  urldate = {2019-09-02}
}

@online{collarpic,
  author = {Davison C, Craig M ,Hamilton A},
  title = {Detecting Heat Stress in Dairy Cattle Using Neck-Mounted Activity Collars},
  year = 2020,
  url = {https://www.mdpi.com/2077-0472/10/6/210/htm},
  urldate = {2020-05-20}
}


@online{fisio1,
  author = {Capital Campo},
  title = {La ganadería en el Paraguay},
  year = 2019,
  url = {http://es.capitalcampo.com/las-estancias-del-paraguay/la-cria-bovina-la-ganaderia-en-el-paraguay/},
  urldate = {2020-05-20}
}



@online{defraspberry,
  author = {Raspberry Pi Foundation},
  title = {What is a Raspberry Pi},
  year = 2012,
  url = {https://www.raspberrypi.org/help/what-\%20is-a-raspberry-pi/},
  urldate = {2019-07-15}
}



@online{minagricultura,
  author = {Ministerio de Agricultura y Desarrollo Rural},
  title = {El campo colombiano compite con innovación},
  year = 2018,
  url = {https://www.minagricultura.gov.co/noticias/Paginas/El-campo-colombiano-compite-con-innovaci\%C3\%B3n-.aspx},
  urldate = {2019-04-01}
}

@online{igac,
  author = {Instituto Geográfico Agustín Codazzi},
  title = {Laboratorio Nacional de Suelos},
  year = 2019,
  url = {https://www.igac.gov.co/es/contenido/areas-estrategicas/agrologia/laboratorio-nacional-de-suelos},
  urldate = {2019-04-02}
}

@online{diio,
  author = {Servicio AgrÍcola y Ganadeo SAG},
  title = {Identificación animal oficial},
  year = 2014,
  url = {https://www.sag.gob.cl/ambitos-de-accion/identificacion-animal-oficial},
  urldate = {2019-05-10}
}

@online{refcarcasa1,
  author = {WamGroup},
  title = {Screw conveyors and feeders},
  year = 2018,
  url = {https://wamgroup.com/en-GB/corporate/Family/361/Screw-Conveyors-Feeders},
  urldate = {2019-07-10}
}

@online{librito1,
  author = {CARE Perú},
  title = {Crianza y manejo de ganado vacuno},
  year = 2000,
  url = {http://infolactea.com/wp-content/uploads/2016/02/BVCI0002410_2-1.pdf},
  urldate = {2019-07-07}
}
@online{vd8,
  author = {Collingwood Packaging Machinery},
  title = {Dosificadores},
  year = 2019,
  url = {https://cllwood.com/maquinas-de-envasado/},
  urldate = {2019-07-07}
}


@article{buenaspracticas,
author = {Secanell, Eduardo},
year = {2012},
month = {10},
pages = {3 a 6},
title = {Buenas Prácticas Ganaderas: Alimentación del ganado vacuno para carne},
volume = {Voces y Ecos, Año XIV; Nº 28},
journal = {Voces y Ecos ISSN 0328 - 1582},
doi = {10.13140/2.1.5115.6487}
}
@online{razas,
  author = {Contexto ganadero, Gómez L},
  title = {Informe especial: Conozca las 5 razas bovinas más representativas de colombia},
  year = 2013,
  url = {https://www.contextoganadero.com/ganaderia-sostenible/informe-especial-conozca-las-5-razas-bovinas-mas-representativas-de-colombia},
  urldate = {2019-04-10}
}

@online{veterinario,
  author = {Contexto ganadero},
  title = {Uso de narigueras facilita el manejo del ganado},
  year = 2015,
  url = {https://www.contextoganadero.com/ganaderia-sostenible/uso-de-narigueras-facilita-el-manejo-del-ganado},
  urldate = {2019-05-15}
}


@online{contextoganadero,
  author = {Fonseca P},
  title = {Así funcionan los ciclos productivos de las ganaderías},
  year = 2016,
  url = {https://www.contextoganadero.com/ganaderia-sostenible/informe-asi-funcionan-los-ciclos-productivos-de-las-ganaderias},
  urldate = {2019-04-03}
}

@online{ashby,
  author = {Ashby J.},
  title = {Institutionalising farmer participation in adaptive technology testing with the 'CIAL'. Agricultural research and extension network, Network Paper 57.},
  year = 1995,
  url = {http://agris.fao.org/agris-search/search.do?recordID=GB9610671},
  urldate = {2019-04-02}
}

@online{torres,
  author = {Torres G, Marcelo E},
  title = {Diseño y construcción de un prototipo con sistemas SCADA aplicado al control del micro clima y dosificación del producto almacenado en silos},
  year = 2006,
  url = {https://dspace.ups.edu.ec/handle/123456789/1902},
  urldate = {2019-03-25}
}
 
@online{govco,
  author = {MultiMedia LLC},
  title = {Gesti\'on de Infraestructura Vial y Cierre de V\'ias},
  year = 1999,
  url = {http://www.barranquilla.gov.co/transito/index.php?option=com_content&view=article&id=5507&Itemid=12},
  urldate = {201-10-20}
}

@online{defestabulacion,
  author = {Díaz V.},
  title = {Manual de recomendaciones sobre Sistemas Intensivos de Producción de Carne},
  year = 2010,
  url = {http://www.platicar.go.cr/images/buscador/documents/pdf/05/00375-manual-produccion-de-carne.pdf},
  urldate = {2019-03-29}
}

@online{recomendaciones,
  author = {Díaz V.},
  title = {Recomendaciones sobre sistemas intensivos de producción de carne: Estabulación, Semiestabulación y Sumplementación estrategica en pastoreo},
  year = 2002,
  url = {http://www.mag.go.cr/biblioteca_virtual_animal/estabulacion.pdf},
  urldate = {2019-03-29}
}
@online{dosificadoras,
  author = {Pinto C, Sanchez H},
  title = {DISEÑO, MODELAMIENTO Y SIMULACIÓN DE MÁQUINA DOSIFICADORA DE ALIMENTO GRANULADO PARA ANIMALES },
  year = 2006,
  url = {http://repository.lasalle.edu.co/bitstream/handle/10185/16483/00781358.pdf},
  urldate = {2019-03-29}
}

@online{mahecha,
  author = {Mahecha L, Gallego L, Peláez F},
  title = {Situación actual de la ganadería de carne en Colombia y alternativas para impulsar su competitividad y sostenibilidad},
  year = 2002,
  url = {https://dialnet.unirioja.es/servlet/articulo?codigo=3242901},
  urldate = {2019-04-09}
}
@online{ingemecanica,
  author = {Ingemecanica, Rodríguez H},
  title = {Cálculo de transportadores de tornillo sin fin},
  year = 2019,
  url = {https://ingemecanica.com/tutorialsemanal/tutorialn143.html},
  urldate = {2019-04-09}
}

@online{googleimages,
  author = {Google LLC},
  title = {Agua pa ganado},
  year = 2019,
  url = {https://www.google.com/imghp?hl=en},
  urldate = {2019-08-09}
}

@online{rtcsys,
  author = {Valls M},
  title = {Sistemas de Timpo Real},
  year = 2013,
  url = {http://scie.es/cedi/2013/images/site/actas/ActasSTR.pdf},
  urldate = {2019-08-09}
}

@inproceedings{hmi,
author = {A. D'H Gough, Christiaan and Green, Richard and Billinghurst, Mark},
year = {2006},
month = {01},
pages = {137-138},
title = {Accounting for user familiarity in user interfaces},
volume = {158},
journal = {ACM International Conference Proceeding Series},
doi = {10.1145/1152760.1152778}
}

@misc{defceba,
        author = {Jiménez C, Pinzón M},
        title = {Factibilidad de producir y comercializar un suplemento alimenticio para el ganado bovino en ciclo de ceba en el Departamento del Meta },
        year = {2015},
        % abstract = {Colombia es un paÃ­s caracterizado por la producciÃ³n agrÃ­cola y pecuaria, a lo largo de los aÃ±os se ha concentrado en potencializar este sector econÃ³mico para obtener calidad, por ello la ganaderÃ­a colombiana ha explorado genÃ©ticamente para mejorar dia a dia la calidad de la carne y la leche. Gracias a su ubicaciÃ³n geogrÃ¡fica nuestro paÃ­s cuenta con gran variedad de pisos tÃ©rmicos que van desde el nivel del mar hasta regiones de pÃ¡ramo, ello permite la explotaciÃ³n de diferentes razas bovinas productoras de carne, leche y doble propÃ³sito. SegÃºn el Censo Nacional de 2015 realizado el ICA (Instituto Colombia Agropecuario) la PoblaciÃ³n Bovina en el paÃ­s estÃ¡ distribuida en 495.609 predios y constituida aproximadamente por 22.527.783 animales, ubicados principalmente en los departamentos de Antioquia (11,25%), CÃ³rdoba (8,45%), Casanare (8,43%), Meta (7,38%), Cesar (6,30%), Santander (6,29%), CaquetÃ¡ (5,79%), Magdalena (5,50%) y Cundinamarca (4,74%) que agrupan el 64,13% de la poblaciÃ³n total nacional; contamos con un total de 1 662. 000 millones de cabezas de ganado de las cuales 788.540 entre hembras y machos estÃ¡n en edad(desde 1 a 3 aÃ±os) para inicio del ciclo de ceba (2 aÃ±os de duraciÃ³n) De acuerdo a su vocaciÃ³n productiva las razas manifiestan su potencial genÃ©tico de acuerdo a cada una de las zonas donde se encuentran, ademÃ¡s, se hacen mÃ¡s susceptibles a una u otra enfermedad, por lo que el anÃ¡lisis de su ubicaciÃ³n, manejo y desplazamiento resulta fundamental para el diseÃ±o de estrategias que permitan obtener un mÃ¡ximo rendimiento de la explotaciÃ³n. Actualmente la oferta de alimentos concentrados en los Llanos Orientales para ganado bovino en ciclo de ceba, carece de un producto con contenido nutricional energÃ©tico que incremente la ganancia de peso de manera eficiente y rentable durante el tiempo que dura el ciclo de engorde. La necesidad de tener un concentrado fabricado con materias primas cultivadas en la regiÃ³n, que de manera industrializada garantice calidad e inocuidad, con un precio de venta que sea viable para el ganadero, nos lleva a plantear estudiar la factibilidad de la fabricar un suplemento alimenticio de manera que satisfaga la necesidad de los ganaderos del Departamento del Meta. De allÃ­ surge la pregunta de investigaciÃ³n Â¿cuÃ¡l es la factibilidad de producir y comercializar suplemento alimenticio para ceba de ganado bovino en el departamento del Meta, Colombia?, para asÃ­ crear una empresa llanera que satisfaga la demanda de un producto elaborado en la regiÃ³n con un precio al pÃºblico asequible teniendo en cuenta las crisis por las que el sector pasa hoy dÃ­a.},
        url = {http://hdl.handle.net/11634/14271}
        }

@book{defsilvopas,
  title={Producción ganadera sostenible silvopastoreo},
  author={Rodr{\'\i}guez, Santana and Oliva, Martha and Valencia Real, Jos{\'e} Dar{\'\i}o},
  year={1998},
  publisher={Corporaci{\'o}n Colombiana de Investigaci{\'o}n Agropecuaria-CORPOICA}
}

@book{perry,
  title={Manual del ingeniero químico},
  author={Perry R},
  year={1992},
  publisher={McGraw-Hill}
}

@INPROCEEDINGS{pds, 
author={V. K. Ingle and J. G. Proakis}, 
booktitle={[Proceedings] ICASSP-92: 1992 IEEE International Conference on Acoustics, Speech, and Signal Processing}, 
title={A digital signal processing course based on lecture/laboratory integration}, 
year={1992}, 
volume={4}, 
number={}, 
pages={105-108 vol.4}, 
keywords={computer aided instruction;educational courses;laboratories;signal processing;digital signal processing course;lecture/laboratory integration;engineering practice;DSP theory;experiments;projects;DSP workstations;fixed-point digital signal processor;Digital signal processing;Laboratories;Hardware;Digital signal processing chips;Digital signal processors;Computer science education;Microcomputers;Computer aided manufacturing;Workstations;Environmental economics}, 
doi={10.1109/ICASSP.1992.226475}, 
ISSN={1520-6149}, 
month={March},}

@book{algoritmo,
 author = {Knuth D},
 title = {The Art of Computer Programming},
 publisher = {Assison-Wesley},
 year = {1968}
}

@book{jaquima,
 author = {Williams S},
 title = {Arte de amansar i domar caballos i mulos},
 publisher = {The library of the university of Texas at Austin},
 year = {1861}
}

@misc{aguero,
 author = { Hernan E, Pedraza G},
    institution = {Instituto de Investigaciones Agropecuarias INIA},
    howpublished = {Artículo publicado},
    year = {1982},
 	title = {Sistemas automatizados de alimentación para vacas de alta producción de leche},
}

@misc{nicaraguat,
 author = { Montes E, Fonseca R},
    institution = {Universidad Autonoma de Nicaragua},
    howpublished = {Trabajo de grado},
    year = {2013},
 	title = {Dosificador automático de alimento y agua para el ganado vacuno de la finca Molina, en la comunidad de San Rafael del Sur},
}

@online{feedstar,
  author = {EDER GmbH},
  title = {Feedstar, The automatic feed system},
  year = 2015,
  url = {https://www.eder-feedstar.de/index.html#1},
  urldate = {2019-03-27}
}

@online{collares,
  author = {CTM},
  title = {CTM Collar},
  year = 2015,
  url = {http://ctm-data.com/es/sample-page/#versatility},
  urldate = {2019-05-27}
}



@online{dimon,
  author = {Desarrollo Industrial Montes. Ltda},
  title = {Transportadores de tornillo sin fin},
  year = 2019,
  url = {http://dimontltda.com/transportadores-de-tornillo-sin-fin/},
  urldate = {2019-05-27}
}

@online{chipID,
  author = {Instituto Colombiano Agropecuario ICA},
  title = {Libreta sanitaria equina como documento sanitario de movilización de équidos en Colombia},
  year = 2017,
  url = {https://www.ica.gov.co/noticias/pecuaria/el-ica-establecio-la-libreta-sanitaria-equina-como},
  urldate = {2019-05-27}
}





@book{polis,
 author = {Aristoteles},
 title = {Pol\'itica},
 publisher = {Editorial Lozada},
 year = {2007}
}
@INPROCEEDINGS{smart1, 
author={N. M. Kumar and S. Goel and P. K. Mallick}, 
booktitle={2018 Technologies for Smart-City Energy Security and Power (ICSESP)}, 
title={Smart cities in India: Features, policies, current status, and challenges}, 
year={2018}, 
volume={}, 
number={}, 
pages={1-4}, 
keywords={government policies;smart cities;sustainable development;town and country planning;sustainable practices;smart cities;3-C concept;India;government policies;urban concepts;Smart cities;Government;Security;Conferences;Proposals;Investment;Smart city;smart city mission India;smart city defination;features of smart city;3-C concept of smart city}, 
doi={10.1109/ICSESP.2018.8376669}, 
ISSN={}, 
month={March},}

%%%%%%%%%%%%%%%%%%%%%%%%%%%%%%%%%%%%%%%%%%%%%%%%%%%%%%%%%%%%%%%%%%%%%
%%%%%%%%%%%%%%%%%%%%%%%%%%%%%%%%%%%%%%%%%%%%%%%%%%%%%%%%%%%%%%%%%%%%%
%%%%%%%%%%%%%%%%%%%%%%%%%%%%%%%%%%%%%%%%%%%%%%%%%%%%%%%%%%%%%%%%%%%%%


% Al final de todo NO cit\'e al profe benitez
@misc{benitez,
    author = {Benitez H},
    institution = {Pontificia Universidad Javeriana},
    howpublished = {Lecture Notes},
    year = {2018},
    title = {Clase DSP 2018-2},
}

@misc{univalle,
    author = {Rueda D, León J},
    institution = {Universidad del Valle},
    howpublished = {Trabajo de grado},
    year = {2013},
    title = {Dispensador automático de comida para mascotas, programable y controlado remotamente},
}


@online{defalgoritmo,
  author = {Real Academia Española},
  year = 2019,
  url = {https://dle.rae.es/?id=1nmLTsh},
}
@online{servopro,
  author = {Tower Pro},
  year = 2019,
  url = {https://www.towerpro.com.tw/product/mg995/},
}

@book{peones,
 author = {Cabanes F.},
 title = {Gu\'ia general de correos, postas y caminos del Reino de Espa\~na},
 year = {1830}
}
@book{bull,
 author = {Bull A},
 title = {Un nuevo paradigma para la conservaci\'on vial: de hacer lo que se puede a hacer lo que es exigible},
 year = {2003}
}

@book{causas1,
 author = {INVIAS, Universidad Nacional de Colombia},
 title = {Estudio e investigaci\'on del estado actual de las obras de la red nacional de carreteras},
 year = {2006}
 }
 
 @book{instrum,
 author = {Gutíerrez M, Iturralde S},
 title = {Fundamentos Básicos de Instrumentación y Control},
 year = {2017}
 }
 
 
@article{cloud2,
 author  = {Armbust, Fox, Griffith},
 date    = {2010-04},
 title   = {A view of cloud computing},
 journal = {ACM Communications},
 url     = {http://delivery.acm.org/10.1145/1730000/1721672/p50-armbrust.pdf?ip=131.196.208.249&id=1721672&acc=OPEN&key=8231D5E8F8807426%2E8231D5E8F8807426%2E4D4702B0C3E38B35%2E6D218144511F3437&__acm__=1553615932_a07571e98200149e6cb06436fc3120e5},
 urldate = {2019-03-26}
}
@article{artmacea,
 author  = {Macea, M\'arquez, Morales},
 date    = {2016-06},
 title   = {A pavement Management System Based on New Technologies for Developing Countries},
 journal = {Ingenier\'ia, Investigaci\'on y Tecnolog\'ia},
 url     = {https://www.sciencedirect.com/science/article/pii/S1405774316300075},
 urldate = {2018-09-20}
}
@INPROCEEDINGS{rfid1, 
author={K. {Kapucu} and C. {Dehollain}}, 
booktitle={2014 IEEE RFID Technology and Applications Conference (RFID-TA)}, 
title={A passive UHF RFID system with a low-power capacitive sensor interface}, 
year={2014}, 
volume={}, 
number={}, 
pages={301-305}, 
keywords={capacitive sensors;dipole antennas;radiofrequency identification;passive UHF RFID system;low power capacitive sensor interface;base station;inductively fed dipole antenna;meandered dipole antenna;differential rectifier;self threshold cancellation;low power sensor interface;all digital sensor interface;PLL based sensor interfac;differential capacitive sensor;pulsewidth modulated sensor data;patch antenna;anechoic chamber;CMOS process;size 0.18 mum;Antenna measurements;Base stations;Capacitive sensors;Antennas;Passive RFID tags;Backscatter;Radio frequency identification (RFID);passive RFID;remote powering;UHF;backscattering;base station;capacitive sensor interface;sensor RFID tag}, 
doi={10.1109/RFID-TA.2014.6934247}, 
ISSN={}, 
month={Sep.},}
@online{invias,
  author = {INVIAS},
  year = 2013,
  url = {http://www.invias.gov.co},
}
@online{caf,
  author = {Direcci\'on de An\'alisis y Programaci\'on Sectorial de CAF},
  title   = {Mantenimiento vial. Informe sectorial. },
  year = 2010,
  url = {http://publicaciones.caf.com/media/1133/IS_Mantenimiento_vial.pdf},
}
@book{solmini,
 author = {Solminihac H},
 title = {Gesti\'on de Infraestructura Vial},
 publisher = {Universidad Cat\'olica de Chile},
 year = {2001}
}
@book{tesisdiaz,
 author = {Diaz H, Su\'arez J, Mej\'ia Y},
 title = {Automated Systems for data acquisition oriented to examine flexible pavements},
 publisher = {Universidad Militar Nueva Granada},
 year = {2014}
}

@book{pinturan,
 author = {Pinto C, Sanchez H},
 title = {Diseño, modelamiento y simulación de máquina dosificadora de alimento granulado para animales},
 publisher = {Universidad de La Salle},
 year = {2006}
}
@book{casti,
 author = {Castilo F},
 title = {Conformado de Materiales Plásticos},
 publisher = {Universidad Nacional Autónoma de Mexico},
 year = {2012}
}
@online{wazecom,
  author = {WAZE APP},
  year = 2018,
  url = {https://www.waze.com/es/},
}
@online{invima,
  author = {INVIMA},
  year = 2007,
  url = {https://www.invima.gov.co/normatividad-2},
}
@online{cdio,
  author = {CDIO},
  year = 2016,
  url = {http://www.cdio.cl/cdio-a-new-vision-for-engineering-education.html},
}
@online{adnweb,
  author = {23andMe},
  year = 2018,
  url = {https://www.23andme.com/en-int/},
}
@online{DEM,
  author = {Conveying Knowledge Workmanship Solutions Design Engineering Manufacturing},
  year = 2019,
  url = {https://www.kwsmfg.com/engineering-guides/screw-conveyor/types-of-screw-feeders/},
}
@online{cloud,
  author = {Rhea S, Wells C},
  year = 2001,
  title   = {Maintenance-Free Global Data Storaage. },
  url = {http://oceanstore.cs.berkeley.edu/info/overview.html},
}

@book{database,
  author = {Llanos R},
  title = {Fundamentos de inform\'atica y programaci\'on},
  publisher = {Ediciones Paraninfo},
  year = 2007,
}

@INPROCEEDINGS{artieee, 
author={A. Procházka and O. VyAata}, 
booktitle={2014 International Workshop on Computational Intelligence for Multimedia Understanding (IWCIM)}, 
title={History and biomedical applications of digital signal and image processing}, 
year={2014}, 
volume={}, 
number={}, 
pages={1-5}, 
keywords={diseases;electrocardiography;electroencephalography;human computer interaction;image enhancement;image registration;image segmentation;medical image processing;neural nets;solid modelling;biomedical application;digital signal processing;image processing;biomedicine;computational intelligence;EEG signal processing;EMG signal processing;image segmentation;image registration;orthodontia;human-machine interaction;three-dimensional modelling;MS Kinect;human motion disorder;neurological disease;spectral analysis;functional transforms;digital filtering;image enhancement;multidimensional signal component;neural networks;Biomedical imaging;Electroencephalography;Transforms;Digital signal processing;Solid modeling;Image processing;history of digital signal and image processing;computational intelligence;digital signal processing methods;computer aided biomedical diagnostics and treatment;Microsoft Kinect three-dimensional modelling}, 
doi={10.1109/IWCIM.2014.7008816}, 
ISSN={}, 
month={Nov},}
@INPROCEEDINGS{crowdservice, 
author={A. Murturi and B. Kantarci and S. F. Oktug}, 
booktitle={2015 IEEE 4th International Conference on Cloud Networking (CloudNet)}, 
title={A reference model for crowdsourcing as a service}, 
year={2015}, 
volume={}, 
number={}, 
pages={64-66}, 
keywords={cloud computing;mobile computing;mobile crowdsourcing services;cloud-based services;cloudified reference model;crowdsourcing platforms;crowdsourcing applications;cloudified four-phase reference model;generic workflow;crowdsourcing development;cloud service providers;online crowdsourcing applications;crowdsourcing as a service;Crowdsourcing;Cloud computing;Computational modeling;Sensors;Mobile communication;Computer architecture;Mobile handsets;Crowdsourcing;Reference Model;Cloud-centric Internet of Things;Crowdsourcing as a Service}, 
doi={10.1109/CloudNet.2015.7335281}, 
ISSN={}, 
month={Oct},}








